<?xml version="1.0" encoding="UTF-8"?><collection xmlns="http://www.loc.gov/MARC21/slim"><record><leader>00407nam--2200145-i-4500</leader><controlfield tag="001">000001886</controlfield><controlfield tag="002">20161230</controlfield><controlfield tag="005">20170107120932</controlfield><controlfield tag="008">060222s1000------------r-----000-0-eng-d</controlfield><datafield ind1=" " ind2=" " tag="100"><subfield code="a">Erdey, L©Łszl©đ</subfield></datafield><datafield ind1=" " ind2=" " tag="245"><subfield code="a">Theorie und praxis der gravimetrischen analyse iii:bestimmung der nichtmetalle</subfield></datafield><datafield ind1=" " ind2=" " tag="260"><subfield code="a">Budapest</subfield><subfield code="b">Akad©♭miai Kiad©đ</subfield><subfield code="c">1964</subfield></datafield><datafield ind1=" " ind2=" " tag="300"><subfield code="a">340 p</subfield></datafield><datafield ind1=" " ind2=" " tag="852"><subfield code="a">9807</subfield></datafield><datafield ind1=" " ind2=" " tag="CAT"><subfield code="a">SYS</subfield><subfield code="c">20170107</subfield><subfield code="h">120932</subfield></datafield></record></collection>